@MISC {268789,
    TITLE = {Symmetry of function defined by integral},
    AUTHOR = {Ron Gordon (https://math.stackexchange.com/users/53268/ron-gordon)},
    HOWPUBLISHED = {Mathematics Stack Exchange},
    NOTE = {URL:https://math.stackexchange.com/q/268789 (version: 2019-04-27)},
    EPRINT = {https://math.stackexchange.com/q/268789},
    URL = {https://math.stackexchange.com/q/268789}
}

@MISC {3467595,
    TITLE = {Symmetry of function defined by integral},
    AUTHOR = {Szeto (https://math.stackexchange.com/users/512032/szeto)},
    HOWPUBLISHED = {Mathematics Stack Exchange},
    NOTE = {URL:https://math.stackexchange.com/q/3467595 (version: 2019-12-08)},
    EPRINT = {https://math.stackexchange.com/q/3467595},
    URL = {https://math.stackexchange.com/q/3467595}
}